@website{securityCamsWeb,
      author =       "Alessandro Eric Russo",
      title =        "Are Face Recognition Security Cameras Worth It?",
      howpublished = "online",
      url =          "https://www.aitimejournal.com/@alessandro.eric.russo/are-face-recognition-security-cameras-worth-it",
      cited =        "2022-10-18"
    }


@website{securityCamsWeb2,
      author =       "Alessandro Eric Russo",
      title =        "Best Home Security Cameras with Face Recognition",
      howpublished = "online",
      url =          "https://www.aitimejournal.com/@alessandro.eric.russo/best-wifi-security-cameras-with-face-recognition",
      cited =        "2022-10-18"
    }

@article{suspectIdentification,
author = {V D, Ambeth Kumar and Kumar, V.D. and Subramanian, Malathi and Vengatesan, K. and Ramakrishnan, Mohanapriya},
year = {2018},
month = {07},
pages = {410-420},
title = {Facial Recognition System for Suspect Identification Using a Surveillance Camera},
volume = {28},
journal = {Pattern Recognition and Image Analysis},
doi = {10.1134/S1054661818030136}
}

@article{faceRecognitionFrameworks,
author = {David Wanyonyi, Turgay Celik},
year = {2022},
month = {05},
title = {Open-Source Face Recognition Frameworks: A Review of the Landscape},
volume = {10},
doi = {10.1109/ACCESS.2022.3170037},
url = "https://ieeexplore.ieee.org/stamp/stamp.jsp?arnumber=9762647"
}

@website{tinaFace,
      title =        "TinaFace: Strong but Simple Baseline for Face Detection",
      howpublished = "online",
      url =          "https://github.com/Media-Smart/vedadet/tree/main/configs/trainval/tinaface",
      cited =        "2022-10-19"
    }

@website{MTCNN,
      title =        "MTCNN",
      howpublished = "online",
      url =          "https://github.com/ipazc/mtcnn",
      cited =        "2022-10-19"
    }

@article{fdReview,
  author={Kumar, Ashu
  and Kaur, Amandeep
  and Kumar, Munish},
  title={Face detection techniques: a review},
  journal={Artificial Intelligence Review},
  year={2019},
  month={Aug},
  day={01},
  volume={52},
  number={2},
  pages={927-948},
  issn={1573-7462},
  doi={10.1007/s10462-018-9650-2},
  url={https://doi.org/10.1007/s10462-018-9650-2}
}

@article{frReview,
  author    = {Daniel Saez{-}Trigueros and
               Li Meng and
               Margaret Hartnett},
  title     = {Face Recognition: From Traditional to Deep Learning Methods},
  journal   = {CoRR},
  volume    = {abs/1811.00116},
  year      = {2018},
  url       = {http://arxiv.org/abs/1811.00116},
  eprinttype = {arXiv},
  eprint    = {1811.00116},
  timestamp = {Sat, 23 Jan 2021 01:11:13 +0100},
  biburl    = {https://dblp.org/rec/journals/corr/abs-1811-00116.bib},
  bibsource = {dblp computer science bibliography, https://dblp.org}
}

@INPROCEEDINGS{feature-based-fd-review,  
    author={Sharifara, Ali and Mohd Rahim, Mohd Shafry and Anisi, Yasaman},  
    booktitle={2014 International Symposium on Biometrics and Security Technologies (ISBAST)},   
    title={A general review of human face detection including a study of neural networks and Haar feature-based cascade classifier in face detection},   
    year={2014},  
    volume={},  
    number={},  
    pages={73-78},  
    doi={10.1109/ISBAST.2014.7013097}
}

@Article{emotionDetector,
author={Mehendale, Ninad},
title={Facial emotion recognition using convolutional neural networks (FERC)},
journal={SN Applied Sciences},
year={2020},
month={Feb},
day={18},
volume={2},
number={3},
pages={446},
issn={2523-3971},
doi={10.1007/s42452-020-2234-1},
url={https://doi.org/10.1007/s42452-020-2234-1}
}

@ARTICLE{localBinaryPatterns, 
  author={Ahonen, T. and Hadid, A. and Pietikainen, M.},  
  journal={IEEE Transactions on Pattern Analysis and Machine Intelligence},   
  title={Face Description with Local Binary Patterns: Application to Face Recognition},   
  year={2006},  
  volume={28},  
  number={12},  
  pages={2037-2041},  
  doi={10.1109/TPAMI.2006.244}
}

@INPROCEEDINGS{localBinaryPatternsTests,  
  author={Kadir, Kushsairy and Kamaruddin, Mohd Khairi and Nasir, Haidawati and Safie, Sairul I and Bakti, Zulkifli Abdul Kadir}, 
  booktitle={2014 4th International Conference on Engineering Technology and Technopreneuship (ICE2T)},   
  title={A comparative study between LBP and Haar-like features for Face Detection using OpenCV},  
   year={2014},  
   volume={},  
   number={},  
   pages={335-339}, 
    doi={10.1109/ICE2T.2014.7006273}
    }

@website{violaJonesArticle,
  author =       "Girija Shankar Behera",
  title =        "Face Detection with Haar Cascade",
  howpublished = "online",
  url =          "https://www.aitimejournal.com/@alessandro.eric.russo/best-wifi-security-cameras-with-face-recognitiohttps://towardsdatascience.com/face-detection-with-haar-cascade-727f68dafd08",
  cited =        "2022-11-06"
}

@INPROCEEDINGS{violaJones,  
  author={Viola, P. and Jones, M.},  
  booktitle={Proceedings of the 2001 IEEE Computer Society Conference on Computer Vision and Pattern Recognition. CVPR 2001},   
  title={Rapid object detection using a boosted cascade of simple features},   
  year={2001},  
  volume={1},  
  number={},  
  pages={I-I},  
  doi={10.1109/CVPR.2001.990517}
}

@INPROCEEDINGS{hog,  
  author={Dalal, N. and Triggs, B.},  
  booktitle={2005 IEEE Computer Society Conference on Computer Vision and Pattern Recognition (CVPR'05)},   
  title={Histograms of oriented gradients for human detection},   
  year={2005},  
  volume={1},  
  number={},  
  pages={886-893 vol. 1},  
  doi={10.1109/CVPR.2005.177}
}

@article{hog2s,
author = {Ramirez Cerna, Lourdes},
year = {2013},
month = {10},
pages = {},
title = {Face Detection: Histogram of Oriented Gradients and Bag of Feature Method}
}

@book{deeplearningbook,
    title={Deep Learning},
    author={Ian Goodfellow and Yoshua Bengio and Aaron Courville},
    publisher={MIT Press},
    note={\url{http://www.deeplearningbook.org}},
    year={2016}
}

@article{ns1994,
  author = {Bishop,Chris M. },
  title = {Neural networks and their applications},
  journal = {Review of Scientific Instruments},
  volume = {65},
  number = {6},
  pages = {1803-1832},
  year = {1994},
  doi = {10.1063/1.1144830},
  URL = {https://doi.org/10.1063/1.1144830},
  eprint = {https://doi.org/10.1063/1.1144830}
}

@website{celebA,
  author =       "Ziwei Liu,Ping Luo,Xiaogang Wang,Xiaoou Tang",
  title =        "Large-scale CelebFaces Attributes (CelebA) Dataset",
  howpublished = "online",
  url =          "https://mmlab.ie.cuhk.edu.hk/projects/CelebA.html",
  cited =        "2022-12-10"
}

@website{utkface,
  author =       "Yang Song, Zhifei Zhang ",
  title =        "UTKFace",
  howpublished = "online",
  url =          "https://susanqq.github.io/UTKFace/",
  cited =        "2022-12-10"
}

@inproceedings{digiface1m,
  title={DigiFace-1M: 1 Million Digital Face Images for Face Recognition},
  author={Bae, Gwangbin and de La Gorce, Martin and Baltru{\v{s}}aitis, Tadas and Hewitt, Charlie and Chen, Dong and Valentin, Julien and Cipolla, Roberto and Shen, Jingjing},
  booktitle={2023 IEEE Winter Conference on Applications of Computer Vision (WACV)},
  year={2023},
  organization={IEEE}
}

@INPROCEEDINGS{multipie,  
  author={Gross, Ralph and Matthews, Iain and Cohn, Jeffrey and Kanade, Takeo and Baker, Simon},  
  booktitle={2008 8th IEEE International Conference on Automatic Face & Gesture Recognition},   
  title={Multi-PIE},   
  year={2008},  
  volume={},  
  number={},  
  pages={1-8},  
  doi={10.1109/AFGR.2008.4813399}
}